@Book{lit:goldsmith,
  title = {{Wireless communications}},
  author = "Andrea Goldsmith",
  publisher = "{Cambridge University Press}",
  year = {2005},
  note = {ISBN: 978-0-521-83716-2}
}

@Book{lit:parsons,
  title = {{The Mobile Radio Propagation Channel}},
  author = "J. D. Parsons",
  publisher = "{John Wiley and Sons}",
  year = {2000},
  note = {ISBN: 0-471-98857-X}
}

@Book{lit:molisch,
  title = {{Wireless communications}},
  author = "Andreas Molisch",
  publisher = "{John Wiley and Sons Ltd}",
  year = {2005},
  note = {ISBN: 978-0-470-74186-3}
}